%YAML 1.1
%TAG !u! tag:unity3d.com,2011:
--- !u!29 &1
OcclusionCullingSettings:
  m_ObjectHideFlags: 0
  serializedVersion: 2
  m_OcclusionBakeSettings:
    smallestOccluder: 5
    smallestHole: 0.25
    backfaceThreshold: 100
  m_SceneGUID: 00000000000000000000000000000000
  m_OcclusionCullingData: {fileID: 0}
--- !u!104 &2
RenderSettings:
  m_ObjectHideFlags: 0
  serializedVersion: 9
  m_Fog: 0
  m_FogColor: {r: 0.5, g: 0.5, b: 0.5, a: 1}
  m_FogMode: 3
  m_FogDensity: 0.01
  m_LinearFogStart: 0
  m_LinearFogEnd: 300
  m_AmbientSkyColor: {r: 0.212, g: 0.227, b: 0.259, a: 1}
  m_AmbientEquatorColor: {r: 0.114, g: 0.125, b: 0.133, a: 1}
  m_AmbientGroundColor: {r: 0.047, g: 0.043, b: 0.035, a: 1}
  m_AmbientIntensity: 1
  m_AmbientMode: 3
  m_SubtractiveShadowColor: {r: 0.42, g: 0.478, b: 0.627, a: 1}
  m_SkyboxMaterial: {fileID: 0}
  m_HaloStrength: 0.5
  m_FlareStrength: 1
  m_FlareFadeSpeed: 3
  m_HaloTexture: {fileID: 0}
  m_SpotCookie: {fileID: 10001, guid: 0000000000000000e000000000000000, type: 0}
  m_DefaultReflectionMode: 0
  m_DefaultReflectionResolution: 128
  m_ReflectionBounces: 1
  m_ReflectionIntensity: 1
  m_CustomReflection: {fileID: 0}
  m_Sun: {fileID: 0}
  m_IndirectSpecularColor: {r: 0, g: 0, b: 0, a: 1}
  m_UseRadianceAmbientProbe: 0
--- !u!157 &3
LightmapSettings:
  m_ObjectHideFlags: 0
  serializedVersion: 11
  m_GIWorkflowMode: 1
  m_GISettings:
    serializedVersion: 2
    m_BounceScale: 1
    m_IndirectOutputScale: 1
    m_AlbedoBoost: 1
    m_TemporalCoherenceThreshold: 1
    m_EnvironmentLightingMode: 0
    m_EnableBakedLightmaps: 0
    m_EnableRealtimeLightmaps: 0
  m_LightmapEditorSettings:
    serializedVersion: 10
    m_Resolution: 2
    m_BakeResolution: 40
    m_AtlasSize: 1024
    m_AO: 0
    m_AOMaxDistance: 1
    m_CompAOExponent: 1
    m_CompAOExponentDirect: 0
    m_Padding: 2
    m_LightmapParameters: {fileID: 0}
    m_LightmapsBakeMode: 1
    m_TextureCompression: 1
    m_FinalGather: 0
    m_FinalGatherFiltering: 1
    m_FinalGatherRayCount: 256
    m_ReflectionCompression: 2
    m_MixedBakeMode: 2
    m_BakeBackend: 0
    m_PVRSampling: 1
    m_PVRDirectSampleCount: 32
    m_PVRSampleCount: 500
    m_PVRBounces: 2
    m_PVRFilterTypeDirect: 0
    m_PVRFilterTypeIndirect: 0
    m_PVRFilterTypeAO: 0
    m_PVRFilteringMode: 1
    m_PVRCulling: 1
    m_PVRFilteringGaussRadiusDirect: 1
    m_PVRFilteringGaussRadiusIndirect: 5
    m_PVRFilteringGaussRadiusAO: 2
    m_PVRFilteringAtrousPositionSigmaDirect: 0.5
    m_PVRFilteringAtrousPositionSigmaIndirect: 2
    m_PVRFilteringAtrousPositionSigmaAO: 1
    m_ShowResolutionOverlay: 1
  m_LightingDataAsset: {fileID: 0}
  m_UseShadowmask: 1
--- !u!196 &4
NavMeshSettings:
  serializedVersion: 2
  m_ObjectHideFlags: 0
  m_BuildSettings:
    serializedVersion: 2
    agentTypeID: 0
    agentRadius: 0.5
    agentHeight: 2
    agentSlope: 45
    agentClimb: 0.4
    ledgeDropHeight: 0
    maxJumpAcrossDistance: 0
    minRegionArea: 2
    manualCellSize: 0
    cellSize: 0.16666667
    manualTileSize: 0
    tileSize: 256
    accuratePlacement: 0
    debug:
      m_Flags: 0
  m_NavMeshData: {fileID: 0}
--- !u!1001 &61586907
Prefab:
  m_ObjectHideFlags: 0
  serializedVersion: 2
  m_Modification:
    m_TransformParent: {fileID: 975340363}
    m_Modifications:
    - target: {fileID: 4381652558461734, guid: 96375bc8ac915864989df09362eea7b3, type: 2}
      propertyPath: m_LocalPosition.x
      value: 3.17
      objectReference: {fileID: 0}
    - target: {fileID: 4381652558461734, guid: 96375bc8ac915864989df09362eea7b3, type: 2}
      propertyPath: m_LocalPosition.y
      value: 0
      objectReference: {fileID: 0}
    - target: {fileID: 4381652558461734, guid: 96375bc8ac915864989df09362eea7b3, type: 2}
      propertyPath: m_LocalPosition.z
      value: 0
      objectReference: {fileID: 0}
    - target: {fileID: 4381652558461734, guid: 96375bc8ac915864989df09362eea7b3, type: 2}
      propertyPath: m_LocalRotation.x
      value: 0
      objectReference: {fileID: 0}
    - target: {fileID: 4381652558461734, guid: 96375bc8ac915864989df09362eea7b3, type: 2}
      propertyPath: m_LocalRotation.y
      value: 0
      objectReference: {fileID: 0}
    - target: {fileID: 4381652558461734, guid: 96375bc8ac915864989df09362eea7b3, type: 2}
      propertyPath: m_LocalRotation.z
      value: 0
      objectReference: {fileID: 0}
    - target: {fileID: 4381652558461734, guid: 96375bc8ac915864989df09362eea7b3, type: 2}
      propertyPath: m_LocalRotation.w
      value: 1
      objectReference: {fileID: 0}
    - target: {fileID: 4381652558461734, guid: 96375bc8ac915864989df09362eea7b3, type: 2}
      propertyPath: m_RootOrder
      value: 0
      objectReference: {fileID: 0}
    m_RemovedComponents: []
  m_SourcePrefab: {fileID: 100100000, guid: 96375bc8ac915864989df09362eea7b3, type: 2}
  m_IsPrefabAsset: 0
--- !u!1001 &92752925
Prefab:
  m_ObjectHideFlags: 0
  serializedVersion: 2
  m_Modification:
    m_TransformParent: {fileID: 1327277786}
    m_Modifications:
    - target: {fileID: 4866733793954960, guid: b2c6e705fa940ae43b7551e7e9514289, type: 2}
      propertyPath: m_LocalPosition.x
      value: 0.88
      objectReference: {fileID: 0}
    - target: {fileID: 4866733793954960, guid: b2c6e705fa940ae43b7551e7e9514289, type: 2}
      propertyPath: m_LocalPosition.y
      value: -1.87
      objectReference: {fileID: 0}
    - target: {fileID: 4866733793954960, guid: b2c6e705fa940ae43b7551e7e9514289, type: 2}
      propertyPath: m_LocalPosition.z
      value: 0
      objectReference: {fileID: 0}
    - target: {fileID: 4866733793954960, guid: b2c6e705fa940ae43b7551e7e9514289, type: 2}
      propertyPath: m_LocalRotation.x
      value: -0
      objectReference: {fileID: 0}
    - target: {fileID: 4866733793954960, guid: b2c6e705fa940ae43b7551e7e9514289, type: 2}
      propertyPath: m_LocalRotation.y
      value: -0
      objectReference: {fileID: 0}
    - target: {fileID: 4866733793954960, guid: b2c6e705fa940ae43b7551e7e9514289, type: 2}
      propertyPath: m_LocalRotation.z
      value: -0
      objectReference: {fileID: 0}
    - target: {fileID: 4866733793954960, guid: b2c6e705fa940ae43b7551e7e9514289, type: 2}
      propertyPath: m_LocalRotation.w
      value: 1
      objectReference: {fileID: 0}
    - target: {fileID: 4866733793954960, guid: b2c6e705fa940ae43b7551e7e9514289, type: 2}
      propertyPath: m_RootOrder
      value: 3
      objectReference: {fileID: 0}
    - target: {fileID: 212566908928304564, guid: b2c6e705fa940ae43b7551e7e9514289,
        type: 2}
      propertyPath: m_Color.r
      value: 0.2208971
      objectReference: {fileID: 0}
    - target: {fileID: 212566908928304564, guid: b2c6e705fa940ae43b7551e7e9514289,
        type: 2}
      propertyPath: m_Color.g
      value: 0.6415094
      objectReference: {fileID: 0}
    - target: {fileID: 212566908928304564, guid: b2c6e705fa940ae43b7551e7e9514289,
        type: 2}
      propertyPath: m_Color.b
      value: 0.24007158
      objectReference: {fileID: 0}
    - target: {fileID: 1861786210917814, guid: b2c6e705fa940ae43b7551e7e9514289, type: 2}
      propertyPath: m_TagString
      value: Object
      objectReference: {fileID: 0}
    m_RemovedComponents: []
  m_SourcePrefab: {fileID: 100100000, guid: b2c6e705fa940ae43b7551e7e9514289, type: 2}
  m_IsPrefabAsset: 0
--- !u!4 &92752926 stripped
Transform:
  m_CorrespondingSourceObject: {fileID: 4866733793954960, guid: b2c6e705fa940ae43b7551e7e9514289,
    type: 2}
  m_PrefabInternal: {fileID: 92752925}
--- !u!1 &92752927 stripped
GameObject:
  m_CorrespondingSourceObject: {fileID: 1861786210917814, guid: b2c6e705fa940ae43b7551e7e9514289,
    type: 2}
  m_PrefabInternal: {fileID: 92752925}
--- !u!61 &92752928
BoxCollider2D:
  m_ObjectHideFlags: 0
  m_CorrespondingSourceObject: {fileID: 0}
  m_PrefabInternal: {fileID: 0}
  m_GameObject: {fileID: 92752927}
  m_Enabled: 1
  m_Density: 1
  m_Material: {fileID: 0}
  m_IsTrigger: 0
  m_UsedByEffector: 0
  m_UsedByComposite: 0
  m_Offset: {x: 0, y: 0}
  m_SpriteTilingProperty:
    border: {x: 0, y: 0, z: 0, w: 0}
    pivot: {x: 0.5, y: 0.5}
    oldSize: {x: 1, y: 1}
    newSize: {x: 1, y: 1}
    adaptiveTilingThreshold: 0.5
    drawMode: 0
    adaptiveTiling: 0
  m_AutoTiling: 0
  serializedVersion: 2
  m_Size: {x: 1, y: 1}
  m_EdgeRadius: 0
--- !u!50 &92752929
Rigidbody2D:
  serializedVersion: 4
  m_ObjectHideFlags: 0
  m_CorrespondingSourceObject: {fileID: 0}
  m_PrefabInternal: {fileID: 0}
  m_GameObject: {fileID: 92752927}
  m_BodyType: 0
  m_Simulated: 1
  m_UseFullKinematicContacts: 0
  m_UseAutoMass: 0
  m_Mass: 1
  m_LinearDrag: 0
  m_AngularDrag: 0.05
  m_GravityScale: 1
  m_Material: {fileID: 0}
  m_Interpolate: 0
  m_SleepingMode: 1
  m_CollisionDetection: 0
  m_Constraints: 4
--- !u!114 &92752930
MonoBehaviour:
  m_ObjectHideFlags: 0
  m_CorrespondingSourceObject: {fileID: 0}
  m_PrefabInternal: {fileID: 0}
  m_GameObject: {fileID: 92752927}
  m_Enabled: 1
  m_EditorHideFlags: 0
  m_Script: {fileID: 11500000, guid: 194b4dae0fec09545ada55a71d1217ab, type: 3}
  m_Name: 
  m_EditorClassIdentifier: 
  _stopMoving: 0
  _inGoal: 0
  _completeGoal: 0
--- !u!1001 &393356298
Prefab:
  m_ObjectHideFlags: 0
  serializedVersion: 2
  m_Modification:
    m_TransformParent: {fileID: 1327277786}
    m_Modifications:
    - target: {fileID: 4519353029277546, guid: 7dab11581eb77114c8798c18c3d4c423, type: 2}
      propertyPath: m_LocalPosition.x
      value: -1.9331
      objectReference: {fileID: 0}
    - target: {fileID: 4519353029277546, guid: 7dab11581eb77114c8798c18c3d4c423, type: 2}
      propertyPath: m_LocalPosition.y
      value: 0.2709999
      objectReference: {fileID: 0}
    - target: {fileID: 4519353029277546, guid: 7dab11581eb77114c8798c18c3d4c423, type: 2}
      propertyPath: m_LocalPosition.z
      value: 0
      objectReference: {fileID: 0}
    - target: {fileID: 4519353029277546, guid: 7dab11581eb77114c8798c18c3d4c423, type: 2}
      propertyPath: m_LocalRotation.x
      value: -0
      objectReference: {fileID: 0}
    - target: {fileID: 4519353029277546, guid: 7dab11581eb77114c8798c18c3d4c423, type: 2}
      propertyPath: m_LocalRotation.y
      value: -0
      objectReference: {fileID: 0}
    - target: {fileID: 4519353029277546, guid: 7dab11581eb77114c8798c18c3d4c423, type: 2}
      propertyPath: m_LocalRotation.z
      value: -0
      objectReference: {fileID: 0}
    - target: {fileID: 4519353029277546, guid: 7dab11581eb77114c8798c18c3d4c423, type: 2}
      propertyPath: m_LocalRotation.w
      value: 1
      objectReference: {fileID: 0}
    - target: {fileID: 4519353029277546, guid: 7dab11581eb77114c8798c18c3d4c423, type: 2}
      propertyPath: m_RootOrder
      value: 6
      objectReference: {fileID: 0}
    - target: {fileID: 212064248321816368, guid: 7dab11581eb77114c8798c18c3d4c423,
        type: 2}
      propertyPath: m_Color.r
      value: 1
      objectReference: {fileID: 0}
    - target: {fileID: 212064248321816368, guid: 7dab11581eb77114c8798c18c3d4c423,
        type: 2}
      propertyPath: m_Color.g
      value: 0
      objectReference: {fileID: 0}
    - target: {fileID: 212064248321816368, guid: 7dab11581eb77114c8798c18c3d4c423,
        type: 2}
      propertyPath: m_Color.b
      value: 0
      objectReference: {fileID: 0}
    - target: {fileID: 4519353029277546, guid: 7dab11581eb77114c8798c18c3d4c423, type: 2}
      propertyPath: m_LocalScale.x
      value: 1.1762902
      objectReference: {fileID: 0}
    m_RemovedComponents: []
  m_SourcePrefab: {fileID: 100100000, guid: 7dab11581eb77114c8798c18c3d4c423, type: 2}
  m_IsPrefabAsset: 0
--- !u!4 &393356299 stripped
Transform:
  m_CorrespondingSourceObject: {fileID: 4519353029277546, guid: 7dab11581eb77114c8798c18c3d4c423,
    type: 2}
  m_PrefabInternal: {fileID: 393356298}
--- !u!1 &519420028
GameObject:
  m_ObjectHideFlags: 0
  m_CorrespondingSourceObject: {fileID: 0}
  m_PrefabInternal: {fileID: 0}
  serializedVersion: 6
  m_Component:
  - component: {fileID: 519420032}
  - component: {fileID: 519420031}
  - component: {fileID: 519420029}
  m_Layer: 0
  m_Name: Main Camera
  m_TagString: MainCamera
  m_Icon: {fileID: 0}
  m_NavMeshLayer: 0
  m_StaticEditorFlags: 0
  m_IsActive: 1
--- !u!81 &519420029
AudioListener:
  m_ObjectHideFlags: 0
  m_CorrespondingSourceObject: {fileID: 0}
  m_PrefabInternal: {fileID: 0}
  m_GameObject: {fileID: 519420028}
  m_Enabled: 1
--- !u!20 &519420031
Camera:
  m_ObjectHideFlags: 0
  m_CorrespondingSourceObject: {fileID: 0}
  m_PrefabInternal: {fileID: 0}
  m_GameObject: {fileID: 519420028}
  m_Enabled: 1
  serializedVersion: 2
  m_ClearFlags: 2
  m_BackGroundColor: {r: 0.19215687, g: 0.3019608, b: 0.4745098, a: 0}
  m_projectionMatrixMode: 1
  m_SensorSize: {x: 36, y: 24}
  m_LensShift: {x: 0, y: 0}
  m_FocalLength: 50
  m_NormalizedViewPortRect:
    serializedVersion: 2
    x: 0
    y: 0
    width: 1
    height: 1
  near clip plane: 0.3
  far clip plane: 1000
  field of view: 60
  orthographic: 1
  orthographic size: 5
  m_Depth: -1
  m_CullingMask:
    serializedVersion: 2
    m_Bits: 4294967295
  m_RenderingPath: -1
  m_TargetTexture: {fileID: 0}
  m_TargetDisplay: 0
  m_TargetEye: 0
  m_HDR: 1
  m_AllowMSAA: 0
  m_AllowDynamicResolution: 0
  m_ForceIntoRT: 0
  m_OcclusionCulling: 0
  m_StereoConvergence: 10
  m_StereoSeparation: 0.022
--- !u!4 &519420032
Transform:
  m_ObjectHideFlags: 0
  m_CorrespondingSourceObject: {fileID: 0}
  m_PrefabInternal: {fileID: 0}
  m_GameObject: {fileID: 519420028}
  m_LocalRotation: {x: 0, y: 0, z: 0, w: 1}
  m_LocalPosition: {x: 0, y: 0, z: -10}
  m_LocalScale: {x: 1, y: 1, z: 1}
  m_Children: []
  m_Father: {fileID: 0}
  m_RootOrder: 0
  m_LocalEulerAnglesHint: {x: 0, y: 0, z: 0}
--- !u!1001 &643090960
Prefab:
  m_ObjectHideFlags: 0
  serializedVersion: 2
  m_Modification:
    m_TransformParent: {fileID: 1327277786}
    m_Modifications:
    - target: {fileID: 4214393295121606, guid: 0884392a3ec294749b6dc3e8ad5977a0, type: 2}
      propertyPath: m_LocalPosition.x
      value: 2.45
      objectReference: {fileID: 0}
    - target: {fileID: 4214393295121606, guid: 0884392a3ec294749b6dc3e8ad5977a0, type: 2}
      propertyPath: m_LocalPosition.y
      value: 1.876
      objectReference: {fileID: 0}
    - target: {fileID: 4214393295121606, guid: 0884392a3ec294749b6dc3e8ad5977a0, type: 2}
      propertyPath: m_LocalPosition.z
      value: 0
      objectReference: {fileID: 0}
    - target: {fileID: 4214393295121606, guid: 0884392a3ec294749b6dc3e8ad5977a0, type: 2}
      propertyPath: m_LocalRotation.x
      value: -0
      objectReference: {fileID: 0}
    - target: {fileID: 4214393295121606, guid: 0884392a3ec294749b6dc3e8ad5977a0, type: 2}
      propertyPath: m_LocalRotation.y
      value: -0
      objectReference: {fileID: 0}
    - target: {fileID: 4214393295121606, guid: 0884392a3ec294749b6dc3e8ad5977a0, type: 2}
      propertyPath: m_LocalRotation.z
      value: -0
      objectReference: {fileID: 0}
    - target: {fileID: 4214393295121606, guid: 0884392a3ec294749b6dc3e8ad5977a0, type: 2}
      propertyPath: m_LocalRotation.w
      value: 1
      objectReference: {fileID: 0}
    - target: {fileID: 4214393295121606, guid: 0884392a3ec294749b6dc3e8ad5977a0, type: 2}
      propertyPath: m_RootOrder
      value: 2
      objectReference: {fileID: 0}
    - target: {fileID: 212565343082027358, guid: 0884392a3ec294749b6dc3e8ad5977a0,
        type: 2}
      propertyPath: m_Color.r
      value: 0.2208971
      objectReference: {fileID: 0}
    - target: {fileID: 212565343082027358, guid: 0884392a3ec294749b6dc3e8ad5977a0,
        type: 2}
      propertyPath: m_Color.g
      value: 0.6415094
      objectReference: {fileID: 0}
    - target: {fileID: 212565343082027358, guid: 0884392a3ec294749b6dc3e8ad5977a0,
        type: 2}
      propertyPath: m_Color.b
      value: 0.24007158
      objectReference: {fileID: 0}
    - target: {fileID: 1401321815910470, guid: 0884392a3ec294749b6dc3e8ad5977a0, type: 2}
      propertyPath: m_Name
      value: Horizontal_Wall (1)
      objectReference: {fileID: 0}
    m_RemovedComponents: []
  m_SourcePrefab: {fileID: 100100000, guid: 0884392a3ec294749b6dc3e8ad5977a0, type: 2}
  m_IsPrefabAsset: 0
--- !u!4 &643090961 stripped
Transform:
  m_CorrespondingSourceObject: {fileID: 4214393295121606, guid: 0884392a3ec294749b6dc3e8ad5977a0,
    type: 2}
  m_PrefabInternal: {fileID: 643090960}
--- !u!1001 &644212595
Prefab:
  m_ObjectHideFlags: 0
  serializedVersion: 2
  m_Modification:
    m_TransformParent: {fileID: 0}
    m_Modifications:
    - target: {fileID: 224381193401453364, guid: b0b7480098553904389e165918974f88,
        type: 2}
      propertyPath: m_RootOrder
      value: 2
      objectReference: {fileID: 0}
    - target: {fileID: 224381193401453364, guid: b0b7480098553904389e165918974f88,
        type: 2}
      propertyPath: m_LocalPosition.x
      value: 0
      objectReference: {fileID: 0}
    - target: {fileID: 224381193401453364, guid: b0b7480098553904389e165918974f88,
        type: 2}
      propertyPath: m_LocalPosition.y
      value: 0
      objectReference: {fileID: 0}
    - target: {fileID: 224381193401453364, guid: b0b7480098553904389e165918974f88,
        type: 2}
      propertyPath: m_LocalPosition.z
      value: 0
      objectReference: {fileID: 0}
    - target: {fileID: 224381193401453364, guid: b0b7480098553904389e165918974f88,
        type: 2}
      propertyPath: m_LocalRotation.x
      value: 0
      objectReference: {fileID: 0}
    - target: {fileID: 224381193401453364, guid: b0b7480098553904389e165918974f88,
        type: 2}
      propertyPath: m_LocalRotation.y
      value: 0
      objectReference: {fileID: 0}
    - target: {fileID: 224381193401453364, guid: b0b7480098553904389e165918974f88,
        type: 2}
      propertyPath: m_LocalRotation.z
      value: 0
      objectReference: {fileID: 0}
    - target: {fileID: 224381193401453364, guid: b0b7480098553904389e165918974f88,
        type: 2}
      propertyPath: m_LocalRotation.w
      value: 1
      objectReference: {fileID: 0}
    - target: {fileID: 224381193401453364, guid: b0b7480098553904389e165918974f88,
        type: 2}
      propertyPath: m_RootOrder
      value: 2
      objectReference: {fileID: 0}
    - target: {fileID: 224381193401453364, guid: b0b7480098553904389e165918974f88,
        type: 2}
      propertyPath: m_AnchoredPosition.x
      value: 0
      objectReference: {fileID: 0}
    - target: {fileID: 224381193401453364, guid: b0b7480098553904389e165918974f88,
        type: 2}
      propertyPath: m_AnchoredPosition.y
      value: 0
      objectReference: {fileID: 0}
    - target: {fileID: 224381193401453364, guid: b0b7480098553904389e165918974f88,
        type: 2}
      propertyPath: m_SizeDelta.x
      value: 0
      objectReference: {fileID: 0}
    - target: {fileID: 224381193401453364, guid: b0b7480098553904389e165918974f88,
        type: 2}
      propertyPath: m_SizeDelta.y
      value: 0
      objectReference: {fileID: 0}
    - target: {fileID: 224381193401453364, guid: b0b7480098553904389e165918974f88,
        type: 2}
      propertyPath: m_AnchorMin.x
      value: 0
      objectReference: {fileID: 0}
    - target: {fileID: 224381193401453364, guid: b0b7480098553904389e165918974f88,
        type: 2}
      propertyPath: m_AnchorMin.y
      value: 0
      objectReference: {fileID: 0}
    - target: {fileID: 224381193401453364, guid: b0b7480098553904389e165918974f88,
        type: 2}
      propertyPath: m_AnchorMax.x
      value: 0
      objectReference: {fileID: 0}
    - target: {fileID: 224381193401453364, guid: b0b7480098553904389e165918974f88,
        type: 2}
      propertyPath: m_AnchorMax.y
      value: 0
      objectReference: {fileID: 0}
    - target: {fileID: 224381193401453364, guid: b0b7480098553904389e165918974f88,
        type: 2}
      propertyPath: m_Pivot.x
      value: 0
      objectReference: {fileID: 0}
    - target: {fileID: 224381193401453364, guid: b0b7480098553904389e165918974f88,
        type: 2}
      propertyPath: m_Pivot.y
      value: 0
      objectReference: {fileID: 0}
    - target: {fileID: 114765212963043084, guid: b0b7480098553904389e165918974f88,
        type: 2}
      propertyPath: m_Text
      value: 'Least Move Used : 9'
      objectReference: {fileID: 0}
    m_RemovedComponents: []
  m_SourcePrefab: {fileID: 100100000, guid: b0b7480098553904389e165918974f88, type: 2}
  m_IsPrefabAsset: 0
--- !u!1001 &936301469
Prefab:
  m_ObjectHideFlags: 0
  serializedVersion: 2
  m_Modification:
    m_TransformParent: {fileID: 1327277786}
    m_Modifications:
    - target: {fileID: 4372949272927852, guid: dad76f0960453464db6aa3a27ebac108, type: 2}
      propertyPath: m_LocalPosition.x
      value: 4.4089866
      objectReference: {fileID: 0}
    - target: {fileID: 4372949272927852, guid: dad76f0960453464db6aa3a27ebac108, type: 2}
      propertyPath: m_LocalPosition.y
      value: -0.19566016
      objectReference: {fileID: 0}
    - target: {fileID: 4372949272927852, guid: dad76f0960453464db6aa3a27ebac108, type: 2}
      propertyPath: m_LocalPosition.z
      value: -0.01953125
      objectReference: {fileID: 0}
    - target: {fileID: 4372949272927852, guid: dad76f0960453464db6aa3a27ebac108, type: 2}
      propertyPath: m_LocalRotation.x
      value: -0
      objectReference: {fileID: 0}
    - target: {fileID: 4372949272927852, guid: dad76f0960453464db6aa3a27ebac108, type: 2}
      propertyPath: m_LocalRotation.y
      value: -0
      objectReference: {fileID: 0}
    - target: {fileID: 4372949272927852, guid: dad76f0960453464db6aa3a27ebac108, type: 2}
      propertyPath: m_LocalRotation.z
      value: -0
      objectReference: {fileID: 0}
    - target: {fileID: 4372949272927852, guid: dad76f0960453464db6aa3a27ebac108, type: 2}
      propertyPath: m_LocalRotation.w
      value: 1
      objectReference: {fileID: 0}
    - target: {fileID: 4372949272927852, guid: dad76f0960453464db6aa3a27ebac108, type: 2}
      propertyPath: m_RootOrder
      value: 0
      objectReference: {fileID: 0}
    - target: {fileID: 212892115597735562, guid: dad76f0960453464db6aa3a27ebac108,
        type: 2}
      propertyPath: m_SortingOrder
      value: -1
      objectReference: {fileID: 0}
    - target: {fileID: 212517346643748996, guid: dad76f0960453464db6aa3a27ebac108,
        type: 2}
      propertyPath: m_SortingOrder
      value: -1
      objectReference: {fileID: 0}
    - target: {fileID: 212754477128031212, guid: dad76f0960453464db6aa3a27ebac108,
        type: 2}
      propertyPath: m_SortingOrder
      value: -1
      objectReference: {fileID: 0}
    - target: {fileID: 212062085049083236, guid: dad76f0960453464db6aa3a27ebac108,
        type: 2}
      propertyPath: m_SortingOrder
      value: -1
      objectReference: {fileID: 0}
    - target: {fileID: 4573389803804810, guid: dad76f0960453464db6aa3a27ebac108, type: 2}
      propertyPath: m_LocalPosition.y
      value: 0.19846
      objectReference: {fileID: 0}
    - target: {fileID: 4573389803804810, guid: dad76f0960453464db6aa3a27ebac108, type: 2}
      propertyPath: m_LocalScale.y
      value: 5.044502
      objectReference: {fileID: 0}
    - target: {fileID: 4296450301772676, guid: dad76f0960453464db6aa3a27ebac108, type: 2}
      propertyPath: m_LocalPosition.y
      value: 0.18562
      objectReference: {fileID: 0}
    - target: {fileID: 4296450301772676, guid: dad76f0960453464db6aa3a27ebac108, type: 2}
      propertyPath: m_LocalScale.y
      value: 5.020102
      objectReference: {fileID: 0}
    m_RemovedComponents: []
  m_SourcePrefab: {fileID: 100100000, guid: dad76f0960453464db6aa3a27ebac108, type: 2}
  m_IsPrefabAsset: 0
--- !u!1 &936301470 stripped
GameObject:
  m_CorrespondingSourceObject: {fileID: 1722574102443086, guid: dad76f0960453464db6aa3a27ebac108,
    type: 2}
  m_PrefabInternal: {fileID: 936301469}
--- !u!1 &936301471 stripped
GameObject:
  m_CorrespondingSourceObject: {fileID: 1824878872640330, guid: dad76f0960453464db6aa3a27ebac108,
    type: 2}
  m_PrefabInternal: {fileID: 936301469}
--- !u!1 &936301472 stripped
GameObject:
  m_CorrespondingSourceObject: {fileID: 1197807370124016, guid: dad76f0960453464db6aa3a27ebac108,
    type: 2}
  m_PrefabInternal: {fileID: 936301469}
--- !u!1 &936301473 stripped
GameObject:
  m_CorrespondingSourceObject: {fileID: 1334613171072268, guid: dad76f0960453464db6aa3a27ebac108,
    type: 2}
  m_PrefabInternal: {fileID: 936301469}
--- !u!61 &936301474
BoxCollider2D:
  m_ObjectHideFlags: 0
  m_CorrespondingSourceObject: {fileID: 0}
  m_PrefabInternal: {fileID: 0}
  m_GameObject: {fileID: 936301470}
  m_Enabled: 1
  m_Density: 1
  m_Material: {fileID: 0}
  m_IsTrigger: 0
  m_UsedByEffector: 0
  m_UsedByComposite: 0
  m_Offset: {x: 0, y: 0}
  m_SpriteTilingProperty:
    border: {x: 0, y: 0, z: 0, w: 0}
    pivot: {x: 0.5, y: 0.5}
    oldSize: {x: 1, y: 1}
    newSize: {x: 1, y: 1}
    adaptiveTilingThreshold: 0.5
    drawMode: 0
    adaptiveTiling: 0
  m_AutoTiling: 0
  serializedVersion: 2
  m_Size: {x: 1, y: 1}
  m_EdgeRadius: 0
--- !u!61 &936301475
BoxCollider2D:
  m_ObjectHideFlags: 0
  m_CorrespondingSourceObject: {fileID: 0}
  m_PrefabInternal: {fileID: 0}
  m_GameObject: {fileID: 936301471}
  m_Enabled: 1
  m_Density: 1
  m_Material: {fileID: 0}
  m_IsTrigger: 0
  m_UsedByEffector: 0
  m_UsedByComposite: 0
  m_Offset: {x: 0, y: 0}
  m_SpriteTilingProperty:
    border: {x: 0, y: 0, z: 0, w: 0}
    pivot: {x: 0.5, y: 0.5}
    oldSize: {x: 1, y: 1}
    newSize: {x: 1, y: 1}
    adaptiveTilingThreshold: 0.5
    drawMode: 0
    adaptiveTiling: 0
  m_AutoTiling: 0
  serializedVersion: 2
  m_Size: {x: 1, y: 1}
  m_EdgeRadius: 0
--- !u!61 &936301476
BoxCollider2D:
  m_ObjectHideFlags: 0
  m_CorrespondingSourceObject: {fileID: 0}
  m_PrefabInternal: {fileID: 0}
  m_GameObject: {fileID: 936301472}
  m_Enabled: 1
  m_Density: 1
  m_Material: {fileID: 0}
  m_IsTrigger: 0
  m_UsedByEffector: 0
  m_UsedByComposite: 0
  m_Offset: {x: 0, y: 0}
  m_SpriteTilingProperty:
    border: {x: 0, y: 0, z: 0, w: 0}
    pivot: {x: 0.5, y: 0.5}
    oldSize: {x: 1, y: 1}
    newSize: {x: 1, y: 1}
    adaptiveTilingThreshold: 0.5
    drawMode: 0
    adaptiveTiling: 0
  m_AutoTiling: 0
  serializedVersion: 2
  m_Size: {x: 1, y: 1}
  m_EdgeRadius: 0
--- !u!61 &936301477
BoxCollider2D:
  m_ObjectHideFlags: 0
  m_CorrespondingSourceObject: {fileID: 0}
  m_PrefabInternal: {fileID: 0}
  m_GameObject: {fileID: 936301473}
  m_Enabled: 1
  m_Density: 1
  m_Material: {fileID: 0}
  m_IsTrigger: 0
  m_UsedByEffector: 0
  m_UsedByComposite: 0
  m_Offset: {x: 0, y: 0}
  m_SpriteTilingProperty:
    border: {x: 0, y: 0, z: 0, w: 0}
    pivot: {x: 0.5, y: 0.5}
    oldSize: {x: 1, y: 1}
    newSize: {x: 1, y: 1}
    adaptiveTilingThreshold: 0.5
    drawMode: 0
    adaptiveTiling: 0
  m_AutoTiling: 0
  serializedVersion: 2
  m_Size: {x: 1, y: 1}
  m_EdgeRadius: 0
--- !u!1001 &975340362
Prefab:
  m_ObjectHideFlags: 0
  serializedVersion: 2
  m_Modification:
    m_TransformParent: {fileID: 1327277786}
    m_Modifications:
    - target: {fileID: 4214393295121606, guid: 0884392a3ec294749b6dc3e8ad5977a0, type: 2}
      propertyPath: m_LocalPosition.x
      value: -2.4455
      objectReference: {fileID: 0}
    - target: {fileID: 4214393295121606, guid: 0884392a3ec294749b6dc3e8ad5977a0, type: 2}
      propertyPath: m_LocalPosition.y
      value: 0.8329999
      objectReference: {fileID: 0}
    - target: {fileID: 4214393295121606, guid: 0884392a3ec294749b6dc3e8ad5977a0, type: 2}
      propertyPath: m_LocalPosition.z
      value: 0
      objectReference: {fileID: 0}
    - target: {fileID: 4214393295121606, guid: 0884392a3ec294749b6dc3e8ad5977a0, type: 2}
      propertyPath: m_LocalRotation.x
      value: -0
      objectReference: {fileID: 0}
    - target: {fileID: 4214393295121606, guid: 0884392a3ec294749b6dc3e8ad5977a0, type: 2}
      propertyPath: m_LocalRotation.y
      value: -0
      objectReference: {fileID: 0}
    - target: {fileID: 4214393295121606, guid: 0884392a3ec294749b6dc3e8ad5977a0, type: 2}
      propertyPath: m_LocalRotation.z
      value: -0
      objectReference: {fileID: 0}
    - target: {fileID: 4214393295121606, guid: 0884392a3ec294749b6dc3e8ad5977a0, type: 2}
      propertyPath: m_LocalRotation.w
      value: 1
      objectReference: {fileID: 0}
    - target: {fileID: 4214393295121606, guid: 0884392a3ec294749b6dc3e8ad5977a0, type: 2}
      propertyPath: m_RootOrder
      value: 1
      objectReference: {fileID: 0}
    - target: {fileID: 212565343082027358, guid: 0884392a3ec294749b6dc3e8ad5977a0,
        type: 2}
      propertyPath: m_Color.r
      value: 1
      objectReference: {fileID: 0}
    - target: {fileID: 212565343082027358, guid: 0884392a3ec294749b6dc3e8ad5977a0,
        type: 2}
      propertyPath: m_Color.g
      value: 0
      objectReference: {fileID: 0}
    - target: {fileID: 212565343082027358, guid: 0884392a3ec294749b6dc3e8ad5977a0,
        type: 2}
      propertyPath: m_Color.b
      value: 0
      objectReference: {fileID: 0}
    - target: {fileID: 4214393295121606, guid: 0884392a3ec294749b6dc3e8ad5977a0, type: 2}
      propertyPath: m_LocalScale.x
      value: 0.151065
      objectReference: {fileID: 0}
    - target: {fileID: 1401321815910470, guid: 0884392a3ec294749b6dc3e8ad5977a0, type: 2}
      propertyPath: m_Name
      value: red_GoalBase
      objectReference: {fileID: 0}
    m_RemovedComponents: []
  m_SourcePrefab: {fileID: 100100000, guid: 0884392a3ec294749b6dc3e8ad5977a0, type: 2}
  m_IsPrefabAsset: 0
--- !u!4 &975340363 stripped
Transform:
  m_CorrespondingSourceObject: {fileID: 4214393295121606, guid: 0884392a3ec294749b6dc3e8ad5977a0,
    type: 2}
  m_PrefabInternal: {fileID: 975340362}
--- !u!1001 &1067201472
Prefab:
  m_ObjectHideFlags: 0
  serializedVersion: 2
  m_Modification:
    m_TransformParent: {fileID: 1327277786}
    m_Modifications:
    - target: {fileID: 4214393295121606, guid: 0884392a3ec294749b6dc3e8ad5977a0, type: 2}
      propertyPath: m_LocalPosition.x
      value: 1.261
      objectReference: {fileID: 0}
    - target: {fileID: 4214393295121606, guid: 0884392a3ec294749b6dc3e8ad5977a0, type: 2}
      propertyPath: m_LocalPosition.y
      value: 1.951
      objectReference: {fileID: 0}
    - target: {fileID: 4214393295121606, guid: 0884392a3ec294749b6dc3e8ad5977a0, type: 2}
      propertyPath: m_LocalPosition.z
      value: 0
      objectReference: {fileID: 0}
    - target: {fileID: 4214393295121606, guid: 0884392a3ec294749b6dc3e8ad5977a0, type: 2}
      propertyPath: m_LocalRotation.x
      value: -0
      objectReference: {fileID: 0}
    - target: {fileID: 4214393295121606, guid: 0884392a3ec294749b6dc3e8ad5977a0, type: 2}
      propertyPath: m_LocalRotation.y
      value: -0
      objectReference: {fileID: 0}
    - target: {fileID: 4214393295121606, guid: 0884392a3ec294749b6dc3e8ad5977a0, type: 2}
      propertyPath: m_LocalRotation.z
      value: -0
      objectReference: {fileID: 0}
    - target: {fileID: 4214393295121606, guid: 0884392a3ec294749b6dc3e8ad5977a0, type: 2}
      propertyPath: m_LocalRotation.w
      value: 1
      objectReference: {fileID: 0}
    - target: {fileID: 4214393295121606, guid: 0884392a3ec294749b6dc3e8ad5977a0, type: 2}
      propertyPath: m_RootOrder
      value: 4
      objectReference: {fileID: 0}
    - target: {fileID: 212565343082027358, guid: 0884392a3ec294749b6dc3e8ad5977a0,
        type: 2}
      propertyPath: m_Color.r
      value: 0.2208971
      objectReference: {fileID: 0}
    - target: {fileID: 212565343082027358, guid: 0884392a3ec294749b6dc3e8ad5977a0,
        type: 2}
      propertyPath: m_Color.g
      value: 0.6415094
      objectReference: {fileID: 0}
    - target: {fileID: 212565343082027358, guid: 0884392a3ec294749b6dc3e8ad5977a0,
        type: 2}
      propertyPath: m_Color.b
      value: 0.24007158
      objectReference: {fileID: 0}
    - target: {fileID: 1401321815910470, guid: 0884392a3ec294749b6dc3e8ad5977a0, type: 2}
      propertyPath: m_Name
      value: Horizontal_Wall (2)
      objectReference: {fileID: 0}
    - target: {fileID: 4214393295121606, guid: 0884392a3ec294749b6dc3e8ad5977a0, type: 2}
      propertyPath: m_LocalScale.x
      value: 0.14999999
      objectReference: {fileID: 0}
    - target: {fileID: 4214393295121606, guid: 0884392a3ec294749b6dc3e8ad5977a0, type: 2}
      propertyPath: m_LocalScale.y
      value: 1.1495328
      objectReference: {fileID: 0}
    m_RemovedComponents: []
  m_SourcePrefab: {fileID: 100100000, guid: 0884392a3ec294749b6dc3e8ad5977a0, type: 2}
  m_IsPrefabAsset: 0
--- !u!1001 &1168494614
Prefab:
  m_ObjectHideFlags: 0
  serializedVersion: 2
  m_Modification:
    m_TransformParent: {fileID: 1327277786}
    m_Modifications:
    - target: {fileID: 4519353029277546, guid: 7dab11581eb77114c8798c18c3d4c423, type: 2}
      propertyPath: m_LocalPosition.x
      value: 1.9301
      objectReference: {fileID: 0}
    - target: {fileID: 4519353029277546, guid: 7dab11581eb77114c8798c18c3d4c423, type: 2}
      propertyPath: m_LocalPosition.y
      value: 2.45
      objectReference: {fileID: 0}
    - target: {fileID: 4519353029277546, guid: 7dab11581eb77114c8798c18c3d4c423, type: 2}
      propertyPath: m_LocalPosition.z
      value: 0
      objectReference: {fileID: 0}
    - target: {fileID: 4519353029277546, guid: 7dab11581eb77114c8798c18c3d4c423, type: 2}
      propertyPath: m_LocalRotation.x
      value: -0
      objectReference: {fileID: 0}
    - target: {fileID: 4519353029277546, guid: 7dab11581eb77114c8798c18c3d4c423, type: 2}
      propertyPath: m_LocalRotation.y
      value: -0
      objectReference: {fileID: 0}
    - target: {fileID: 4519353029277546, guid: 7dab11581eb77114c8798c18c3d4c423, type: 2}
      propertyPath: m_LocalRotation.z
      value: -0
      objectReference: {fileID: 0}
    - target: {fileID: 4519353029277546, guid: 7dab11581eb77114c8798c18c3d4c423, type: 2}
      propertyPath: m_LocalRotation.w
      value: 1
      objectReference: {fileID: 0}
    - target: {fileID: 4519353029277546, guid: 7dab11581eb77114c8798c18c3d4c423, type: 2}
      propertyPath: m_RootOrder
      value: 8
      objectReference: {fileID: 0}
    - target: {fileID: 4519353029277546, guid: 7dab11581eb77114c8798c18c3d4c423, type: 2}
      propertyPath: m_LocalScale.y
      value: 0.14999999
      objectReference: {fileID: 0}
    - target: {fileID: 1827434348954294, guid: 7dab11581eb77114c8798c18c3d4c423, type: 2}
      propertyPath: m_Name
      value: purple_GoalBase
      objectReference: {fileID: 0}
    - target: {fileID: 212064248321816368, guid: 7dab11581eb77114c8798c18c3d4c423,
        type: 2}
      propertyPath: m_Color.r
      value: 0.2208971
      objectReference: {fileID: 0}
    - target: {fileID: 212064248321816368, guid: 7dab11581eb77114c8798c18c3d4c423,
        type: 2}
      propertyPath: m_Color.g
      value: 0.6415094
      objectReference: {fileID: 0}
    - target: {fileID: 212064248321816368, guid: 7dab11581eb77114c8798c18c3d4c423,
        type: 2}
      propertyPath: m_Color.b
      value: 0.24007158
      objectReference: {fileID: 0}
    - target: {fileID: 4519353029277546, guid: 7dab11581eb77114c8798c18c3d4c423, type: 2}
      propertyPath: m_LocalScale.x
      value: 1.1908869
      objectReference: {fileID: 0}
    m_RemovedComponents: []
  m_SourcePrefab: {fileID: 100100000, guid: 7dab11581eb77114c8798c18c3d4c423, type: 2}
  m_IsPrefabAsset: 0
--- !u!4 &1168494615 stripped
Transform:
  m_CorrespondingSourceObject: {fileID: 4519353029277546, guid: 7dab11581eb77114c8798c18c3d4c423,
    type: 2}
  m_PrefabInternal: {fileID: 1168494614}
--- !u!4 &1196963137 stripped
Transform:
  m_CorrespondingSourceObject: {fileID: 4214393295121606, guid: 0884392a3ec294749b6dc3e8ad5977a0,
    type: 2}
  m_PrefabInternal: {fileID: 1067201472}
--- !u!1 &1327277785
GameObject:
  m_ObjectHideFlags: 0
  m_CorrespondingSourceObject: {fileID: 0}
  m_PrefabInternal: {fileID: 0}
  serializedVersion: 6
  m_Component:
  - component: {fileID: 1327277786}
  - component: {fileID: 1327277787}
  m_Layer: 0
  m_Name: Stage_Manager
  m_TagString: Untagged
  m_Icon: {fileID: 0}
  m_NavMeshLayer: 0
  m_StaticEditorFlags: 0
  m_IsActive: 1
--- !u!4 &1327277786
Transform:
  m_ObjectHideFlags: 0
  m_CorrespondingSourceObject: {fileID: 0}
  m_PrefabInternal: {fileID: 0}
  m_GameObject: {fileID: 1327277785}
  m_LocalRotation: {x: 0, y: 0, z: 0, w: 1}
  m_LocalPosition: {x: 0, y: 1.5050251, z: 0}
  m_LocalScale: {x: 1, y: 1, z: 1}
  m_Children:
  - {fileID: 1569794535}
  - {fileID: 975340363}
  - {fileID: 643090961}
  - {fileID: 92752926}
  - {fileID: 1196963137}
  - {fileID: 1842197759}
  - {fileID: 393356299}
  - {fileID: 1447864961}
  - {fileID: 1168494615}
  m_Father: {fileID: 0}
  m_RootOrder: 1
  m_LocalEulerAnglesHint: {x: 0, y: 0, z: 0}
--- !u!114 &1327277787
MonoBehaviour:
  m_ObjectHideFlags: 0
  m_CorrespondingSourceObject: {fileID: 0}
  m_PrefabInternal: {fileID: 0}
  m_GameObject: {fileID: 1327277785}
  m_Enabled: 1
  m_EditorHideFlags: 0
  m_Script: {fileID: 11500000, guid: 915b6ae210290e6459335d7ea15364cb, type: 3}
  m_Name: 
  m_EditorClassIdentifier: 
  _swipeDelay: 1
  _swipeMinimumDistance: 5
  _flipSpeedParameter: 5
  _rotationDeadZone: 1.2
--- !u!1001 &1447864960
Prefab:
  m_ObjectHideFlags: 0
  serializedVersion: 2
  m_Modification:
    m_TransformParent: {fileID: 1327277786}
    m_Modifications:
    - target: {fileID: 4519353029277546, guid: 7dab11581eb77114c8798c18c3d4c423, type: 2}
      propertyPath: m_LocalPosition.x
      value: -1.937
      objectReference: {fileID: 0}
    - target: {fileID: 4519353029277546, guid: 7dab11581eb77114c8798c18c3d4c423, type: 2}
      propertyPath: m_LocalPosition.y
      value: 1.407
      objectReference: {fileID: 0}
    - target: {fileID: 4519353029277546, guid: 7dab11581eb77114c8798c18c3d4c423, type: 2}
      propertyPath: m_LocalPosition.z
      value: 0
      objectReference: {fileID: 0}
    - target: {fileID: 4519353029277546, guid: 7dab11581eb77114c8798c18c3d4c423, type: 2}
      propertyPath: m_LocalRotation.x
      value: -0
      objectReference: {fileID: 0}
    - target: {fileID: 4519353029277546, guid: 7dab11581eb77114c8798c18c3d4c423, type: 2}
      propertyPath: m_LocalRotation.y
      value: -0
      objectReference: {fileID: 0}
    - target: {fileID: 4519353029277546, guid: 7dab11581eb77114c8798c18c3d4c423, type: 2}
      propertyPath: m_LocalRotation.z
      value: -0
      objectReference: {fileID: 0}
    - target: {fileID: 4519353029277546, guid: 7dab11581eb77114c8798c18c3d4c423, type: 2}
      propertyPath: m_LocalRotation.w
      value: 1
      objectReference: {fileID: 0}
    - target: {fileID: 4519353029277546, guid: 7dab11581eb77114c8798c18c3d4c423, type: 2}
      propertyPath: m_RootOrder
      value: 7
      objectReference: {fileID: 0}
    - target: {fileID: 4519353029277546, guid: 7dab11581eb77114c8798c18c3d4c423, type: 2}
      propertyPath: m_LocalScale.y
      value: 0.14999999
      objectReference: {fileID: 0}
    - target: {fileID: 1827434348954294, guid: 7dab11581eb77114c8798c18c3d4c423, type: 2}
      propertyPath: m_Name
      value: Vertical_Wall (1)
      objectReference: {fileID: 0}
    - target: {fileID: 212064248321816368, guid: 7dab11581eb77114c8798c18c3d4c423,
        type: 2}
      propertyPath: m_Color.r
      value: 1
      objectReference: {fileID: 0}
    - target: {fileID: 212064248321816368, guid: 7dab11581eb77114c8798c18c3d4c423,
        type: 2}
      propertyPath: m_Color.g
      value: 0
      objectReference: {fileID: 0}
    - target: {fileID: 212064248321816368, guid: 7dab11581eb77114c8798c18c3d4c423,
        type: 2}
      propertyPath: m_Color.b
      value: 0
      objectReference: {fileID: 0}
    - target: {fileID: 4519353029277546, guid: 7dab11581eb77114c8798c18c3d4c423, type: 2}
      propertyPath: m_LocalScale.x
      value: 1.1708164
      objectReference: {fileID: 0}
    m_RemovedComponents: []
  m_SourcePrefab: {fileID: 100100000, guid: 7dab11581eb77114c8798c18c3d4c423, type: 2}
  m_IsPrefabAsset: 0
--- !u!4 &1447864961 stripped
Transform:
  m_CorrespondingSourceObject: {fileID: 4519353029277546, guid: 7dab11581eb77114c8798c18c3d4c423,
    type: 2}
  m_PrefabInternal: {fileID: 1447864960}
--- !u!4 &1569794535 stripped
Transform:
  m_CorrespondingSourceObject: {fileID: 4372949272927852, guid: dad76f0960453464db6aa3a27ebac108,
    type: 2}
  m_PrefabInternal: {fileID: 936301469}
--- !u!1001 &1842197758
Prefab:
  m_ObjectHideFlags: 0
  serializedVersion: 2
  m_Modification:
    m_TransformParent: {fileID: 1327277786}
    m_Modifications:
    - target: {fileID: 4866733793954960, guid: b2c6e705fa940ae43b7551e7e9514289, type: 2}
      propertyPath: m_LocalPosition.x
      value: 1.88
      objectReference: {fileID: 0}
    - target: {fileID: 4866733793954960, guid: b2c6e705fa940ae43b7551e7e9514289, type: 2}
      propertyPath: m_LocalPosition.y
      value: -1.87
      objectReference: {fileID: 0}
    - target: {fileID: 4866733793954960, guid: b2c6e705fa940ae43b7551e7e9514289, type: 2}
      propertyPath: m_LocalPosition.z
      value: 0
      objectReference: {fileID: 0}
    - target: {fileID: 4866733793954960, guid: b2c6e705fa940ae43b7551e7e9514289, type: 2}
      propertyPath: m_LocalRotation.x
      value: -0
      objectReference: {fileID: 0}
    - target: {fileID: 4866733793954960, guid: b2c6e705fa940ae43b7551e7e9514289, type: 2}
      propertyPath: m_LocalRotation.y
      value: -0
      objectReference: {fileID: 0}
    - target: {fileID: 4866733793954960, guid: b2c6e705fa940ae43b7551e7e9514289, type: 2}
      propertyPath: m_LocalRotation.z
      value: -0
      objectReference: {fileID: 0}
    - target: {fileID: 4866733793954960, guid: b2c6e705fa940ae43b7551e7e9514289, type: 2}
      propertyPath: m_LocalRotation.w
      value: 1
      objectReference: {fileID: 0}
    - target: {fileID: 4866733793954960, guid: b2c6e705fa940ae43b7551e7e9514289, type: 2}
      propertyPath: m_RootOrder
      value: 5
      objectReference: {fileID: 0}
    - target: {fileID: 1861786210917814, guid: b2c6e705fa940ae43b7551e7e9514289, type: 2}
      propertyPath: m_Name
      value: Object (1)
      objectReference: {fileID: 0}
    - target: {fileID: 212566908928304564, guid: b2c6e705fa940ae43b7551e7e9514289,
        type: 2}
      propertyPath: m_Color.r
      value: 1
      objectReference: {fileID: 0}
    - target: {fileID: 212566908928304564, guid: b2c6e705fa940ae43b7551e7e9514289,
        type: 2}
      propertyPath: m_Color.g
      value: 0
      objectReference: {fileID: 0}
    - target: {fileID: 212566908928304564, guid: b2c6e705fa940ae43b7551e7e9514289,
        type: 2}
      propertyPath: m_Color.b
      value: 0
      objectReference: {fileID: 0}
    - target: {fileID: 1861786210917814, guid: b2c6e705fa940ae43b7551e7e9514289, type: 2}
      propertyPath: m_TagString
      value: Object
      objectReference: {fileID: 0}
    m_RemovedComponents: []
  m_SourcePrefab: {fileID: 100100000, guid: b2c6e705fa940ae43b7551e7e9514289, type: 2}
  m_IsPrefabAsset: 0
--- !u!4 &1842197759 stripped
Transform:
  m_CorrespondingSourceObject: {fileID: 4866733793954960, guid: b2c6e705fa940ae43b7551e7e9514289,
    type: 2}
  m_PrefabInternal: {fileID: 1842197758}
--- !u!1 &1842197760 stripped
GameObject:
  m_CorrespondingSourceObject: {fileID: 1861786210917814, guid: b2c6e705fa940ae43b7551e7e9514289,
    type: 2}
  m_PrefabInternal: {fileID: 1842197758}
--- !u!61 &1842197761
BoxCollider2D:
  m_ObjectHideFlags: 0
  m_CorrespondingSourceObject: {fileID: 0}
  m_PrefabInternal: {fileID: 0}
  m_GameObject: {fileID: 1842197760}
  m_Enabled: 1
  m_Density: 1
  m_Material: {fileID: 0}
  m_IsTrigger: 0
  m_UsedByEffector: 0
  m_UsedByComposite: 0
  m_Offset: {x: 0, y: 0}
  m_SpriteTilingProperty:
    border: {x: 0, y: 0, z: 0, w: 0}
    pivot: {x: 0.5, y: 0.5}
    oldSize: {x: 1, y: 1}
    newSize: {x: 1, y: 1}
    adaptiveTilingThreshold: 0.5
    drawMode: 0
    adaptiveTiling: 0
  m_AutoTiling: 0
  serializedVersion: 2
  m_Size: {x: 1, y: 1}
  m_EdgeRadius: 0
--- !u!50 &1842197762
Rigidbody2D:
  serializedVersion: 4
  m_ObjectHideFlags: 0
  m_CorrespondingSourceObject: {fileID: 0}
  m_PrefabInternal: {fileID: 0}
  m_GameObject: {fileID: 1842197760}
  m_BodyType: 0
  m_Simulated: 1
  m_UseFullKinematicContacts: 0
  m_UseAutoMass: 0
  m_Mass: 1
  m_LinearDrag: 0
  m_AngularDrag: 0.05
  m_GravityScale: 1
  m_Material: {fileID: 0}
  m_Interpolate: 0
  m_SleepingMode: 1
  m_CollisionDetection: 0
  m_Constraints: 4
--- !u!114 &1842197763
MonoBehaviour:
  m_ObjectHideFlags: 0
  m_CorrespondingSourceObject: {fileID: 0}
  m_PrefabInternal: {fileID: 0}
  m_GameObject: {fileID: 1842197760}
  m_Enabled: 1
  m_EditorHideFlags: 0
  m_Script: {fileID: 11500000, guid: 194b4dae0fec09545ada55a71d1217ab, type: 3}
  m_Name: 
  m_EditorClassIdentifier: 
  _stopMoving: 0
  _inGoal: 0
  _completeGoal: 0
--- !u!1001 &1897315958
Prefab:
  m_ObjectHideFlags: 0
  serializedVersion: 2
  m_Modification:
    m_TransformParent: {fileID: 1168494615}
    m_Modifications:
    - target: {fileID: 4381652558461734, guid: 96375bc8ac915864989df09362eea7b3, type: 2}
      propertyPath: m_LocalPosition.x
      value: -0.07
      objectReference: {fileID: 0}
    - target: {fileID: 4381652558461734, guid: 96375bc8ac915864989df09362eea7b3, type: 2}
      propertyPath: m_LocalPosition.y
      value: -2.93
      objectReference: {fileID: 0}
    - target: {fileID: 4381652558461734, guid: 96375bc8ac915864989df09362eea7b3, type: 2}
      propertyPath: m_LocalPosition.z
      value: 0
      objectReference: {fileID: 0}
    - target: {fileID: 4381652558461734, guid: 96375bc8ac915864989df09362eea7b3, type: 2}
      propertyPath: m_LocalRotation.x
      value: -0
      objectReference: {fileID: 0}
    - target: {fileID: 4381652558461734, guid: 96375bc8ac915864989df09362eea7b3, type: 2}
      propertyPath: m_LocalRotation.y
      value: -0
      objectReference: {fileID: 0}
    - target: {fileID: 4381652558461734, guid: 96375bc8ac915864989df09362eea7b3, type: 2}
      propertyPath: m_LocalRotation.z
      value: -0
      objectReference: {fileID: 0}
    - target: {fileID: 4381652558461734, guid: 96375bc8ac915864989df09362eea7b3, type: 2}
      propertyPath: m_LocalRotation.w
      value: 1
      objectReference: {fileID: 0}
    - target: {fileID: 4381652558461734, guid: 96375bc8ac915864989df09362eea7b3, type: 2}
      propertyPath: m_RootOrder
      value: 0
      objectReference: {fileID: 0}
    - target: {fileID: 4381652558461734, guid: 96375bc8ac915864989df09362eea7b3, type: 2}
      propertyPath: m_LocalScale.x
      value: 0.8550801
      objectReference: {fileID: 0}
    - target: {fileID: 4381652558461734, guid: 96375bc8ac915864989df09362eea7b3, type: 2}
      propertyPath: m_LocalScale.y
      value: 6.666667
      objectReference: {fileID: 0}
    m_RemovedComponents: []
  m_SourcePrefab: {fileID: 100100000, guid: 96375bc8ac915864989df09362eea7b3, type: 2}
  m_IsPrefabAsset: 0
